<record><leader>00000cas a22000007a 4500</leader><controlfield tag="001">18114202</controlfield><controlfield tag="008">880621d18541856ohuwr ne      0    0eng d</controlfield><datafield ind1=" " ind2=" " tag="010"><subfield code="a">sn 88077563 </subfield></datafield><datafield ind1=" " ind2=" " tag="040"><subfield code="a">ONP</subfield><subfield code="b">eng</subfield><subfield code="c">ONP</subfield><subfield code="d">OCLCQ</subfield></datafield><datafield ind1=" " ind2=" " tag="042"><subfield code="a">msc</subfield></datafield><datafield ind1="0" ind2=" " tag="130"><subfield code="a">Independent American (Marion, Ohio)</subfield></datafield><datafield ind1="1" ind2="0" tag="245"><subfield code="a">Independent American.</subfield></datafield><datafield ind1=" " ind2=" " tag="260"><subfield code="a">Marion, Marion County, Ohio :</subfield><subfield code="b">J.R. Appleton &amp; Co.,</subfield><subfield code="c">-1856.</subfield></datafield><datafield ind1=" " ind2=" " tag="310"><subfield code="a">Weekly</subfield></datafield><datafield ind1="1" ind2=" " tag="362"><subfield code="a">Began with Sept. 30, 1854 issue.</subfield></datafield><datafield ind1="0" ind2=" " tag="362"><subfield code="a">-v. 2, no. 25 (Mar. 21, 1856).</subfield></datafield><datafield ind1=" " ind2=" " tag="588"><subfield code="a">Description based on: Vol. 1, no. 14 (Dec. 30, 1854).</subfield></datafield><datafield ind1=" " ind2=" " tag="752"><subfield code="a">United States</subfield><subfield code="b">Ohio</subfield><subfield code="c">Marion</subfield><subfield code="d">Marion.</subfield></datafield><datafield ind1="0" ind2="0" tag="785"><subfield code="t">Marion eagle</subfield><subfield code="w">(DLC)sn 88077564</subfield></datafield></record>